
@incollection{harrell2001ordinal,
  title = {Ordinal Logistic Regression},
  booktitle = {Regression Modeling Strategies},
  publisher = {{Springer}},
  author = {Harrell, Frank E},
  year = {2001},
  pages = {331--343}
}

@article{harrell2013regression,
  title = {Regression Modeling Strategies},
  volume = {3},
  number = {3},
  journal = {as implemented in R package `rms' version},
  author = {Harrell, FE},
  year = {2013},
  publisher = {{Springer}}
}

@misc{regressionWiki,
  title = {Regression Analysis - {{Wikipedia}}},
  howpublished = {https://en.wikipedia.org/wiki/Regression\_analysis}
}

@misc{fitting_graphic,
  title = {15 {{Types}} of {{Regression}} You Should Know | {{R}}-Bloggers},
  howpublished = {https://www.r-bloggers.com/15-types-of-regression-you-should-know}
}


